<?xml version="1.0" encoding="UTF-8"?><collection xmlns="http://www.loc.gov/MARC21/slim"><record><leader>00382nam--2200109-i-4500</leader><controlfield tag="001">000020376</controlfield><controlfield tag="002">20161230</controlfield><controlfield tag="005">20161230201033</controlfield><controlfield tag="008">060222s1000------------r-----000-0-eng-d</controlfield><datafield ind1=" " ind2=" " tag="245"><subfield code="a">Definirea la nivel de proiect a conditiilor de calitate pentru ansamble,repere si furnituri. metoda arborelui greselilor.editia i-a, 1984</subfield></datafield><datafield ind1=" " ind2=" " tag="260"><subfield code="a">Bucuresti, M.I.C.M-i.C.C.M., 1984.  24 P</subfield></datafield><datafield ind1=" " ind2=" " tag="852"><subfield code="a">73364</subfield></datafield></record></collection>